@inproceedings{deterding2011game,
  title={From game design elements to gamefulness: defining" gamification"},
  author={Deterding, Sebastian and Dixon, Dan and Khaled, Rilla and Nacke, Lennart},
  booktitle={Proceedings of the 15th international academic MindTrek conference: Envisioning future media environments},
  pages={9--15},
  year={2011}
}

@article{smiderle2020impact,
  title={The impact of gamification on studentsâ€™ learning, engagement and behavior based on their personality traits},
  author={Smiderle, Rodrigo and Rigo, Sandro Jos{\'e} and Marques, Leonardo B and Pe{\c{c}}anha de Miranda Coelho, Jorge Arthur and Jaques, Patricia A},
  journal={Smart Learning Environments},
  volume={7},
  number={1},
  pages={1--11},
  year={2020},
  publisher={SpringerOpen}
}

@article{wiggins2016overview,
  title={An overview and study on the use of games, simulations, and gamification in higher education},
  author={Wiggins, Bradley E},
  journal={International Journal of Game-Based Learning (IJGBL)},
  volume={6},
  number={1},
  pages={18--29},
  year={2016},
  publisher={IGI Global}
}

@article{putz2020can,
  title={Can gamification help to improve education? Findings from a longitudinal study},
  author={Putz, Lisa-Maria and Hofbauer, Florian and Treiblmaier, Horst},
  journal={Computers in Human Behavior},
  volume={110},
  pages={106392},
  year={2020},
  publisher={Elsevier}
}

@article{bicen2018perceptions,
  title={Perceptions of students for gamification approach: Kahoot as a case study},
  author={Bicen, Huseyin and Kocakoyun, Senay},
  journal={International Journal of emerging technologies in learning},
  volume={13},
  number={2},
  year={2018}
}

@inproceedings{amriani2013empirical,
  title={An empirical study of gamification impact on e-Learning environment},
  author={Amriani, Afifa and Aji, Alham F and Utomo, Andika Y and Junus, Kasiyah M},
  booktitle={Proceedings of 2013 3rd international conference on computer science and network technology},
  pages={265--269},
  year={2013},
  organization={IEEE}
}

@inproceedings{o2013case,
  title={A case study in the gamification of a university-level games development course},
  author={O'Donovan, Siobhan and Gain, James and Marais, Patrick},
  booktitle={Proceedings of the South African Institute for Computer Scientists and Information Technologists Conference},
  pages={242--251},
  year={2013}
}

@article{xi2019does,
  title={Does gamification satisfy needs? A study on the relationship between gamification features and intrinsic need satisfaction},
  author={Xi, Nannan and Hamari, Juho},
  journal={International Journal of Information Management},
  volume={46},
  pages={210--221},
  year={2019},
  publisher={Elsevier}
}
