@article{seaborn2015gamification,
	title={Gamification in theory and action: A survey},
	author={Seaborn, Katie and Fels, Deborah I},
	journal={International Journal of human-computer studies},
	volume={74},
	pages={14--31},
	year={2015},
	publisher={Elsevier}
}

@inproceedings{hamari2014does,
	title={Does gamification work?--a literature review of empirical studies on gamification},
	author={Hamari, Juho and Koivisto, Jonna and Sarsa, Harri},
	booktitle={2014 47th Hawaii international conference on system sciences},
	pages={3025--3034},
	year={2014},
	organization={Ieee}
}

@book{marczewski2013gamification,
	title={Gamification: a simple introduction},
	author={Marczewski, Andrzej},
	year={2013},
	publisher={Andrzej Marczewski}
}

@article{stott2013analysis,
	title={Analysis of gamification in education},
	author={Stott, Andrew and Neustaedter, Carman},
	journal={Surrey, BC, Canada},
	volume={8},
	number={1},
	pages={36},
	year={2013}
}

@inproceedings{caponetto2014gamification,
	title={Gamification and education: A literature review},
	author={Caponetto, Ilaria and Earp, Jeffrey and Ott, Michela},
	booktitle={European Conference on Games Based Learning},
	volume={1},
	pages={50},
	year={2014},
	organization={Academic Conferences International Limited}
}

@article{arnold2014gamification,
	title={Gamification in education},
	author={Arnold, Brian J},
	journal={Proceedings of the American Society of Business and Behavioral Sciences},
	volume={21},
	number={1},
	pages={32--39},
	year={2014}
}

@inproceedings{hallifax2019adaptive,
	title={Adaptive gamification in education: A literature review of current trends and developments},
	author={Hallifax, Stuart and Serna, Audrey and Marty, Jean-Charles and Lavou{\'e}, {\'E}lise},
	booktitle={Transforming Learning with Meaningful Technologies: 14th European Conference on Technology Enhanced Learning, EC-TEL 2019, Delft, The Netherlands, September 16--19, 2019, Proceedings 14},
	pages={294--307},
	year={2019},
	organization={Springer}
}

@article{hassan2019motivational,
	title={How motivational feedback increases userâ€™s benefits and continued use: A study on gamification, quantified-self and social networking},
	author={Hassan, Lobna and Dias, Antonio and Hamari, Juho},
	journal={International Journal of Information Management},
	volume={46},
	pages={151--162},
	year={2019},
	publisher={Elsevier}
}

@article{robson2015all,
	title={Is it all a game? Understanding the principles of gamification},
	author={Robson, Karen and Plangger, Kirk and Kietzmann, Jan H and McCarthy, Ian and Pitt, Leyland},
	journal={Business horizons},
	volume={58},
	number={4},
	pages={411--420},
	year={2015},
	publisher={Elsevier}
}

@article{manzano2021between,
	title={Between level up and game over: A systematic literature review of gamification in education},
	author={Manzano-Le{\'o}n, Ana and Camacho-Lazarraga, Pablo and Guerrero, Miguel A and Guerrero-Puerta, Laura and Aguilar-Parra, Jos{\'e} M and Trigueros, Rub{\'e}n and Alias, Antonio},
	journal={Sustainability},
	volume={13},
	number={4},
	pages={2247},
	year={2021},
	publisher={MDPI}
}

@inproceedings{barata2013improving,
	title={Improving participation and learning with gamification},
	author={Barata, Gabriel and Gama, Sandra and Jorge, Joaquim and Gon{\c{c}}alves, Daniel},
	booktitle={Proceedings of the First International Conference on gameful design, research, and applications},
	pages={10--17},
	year={2013}
}

@article{kim2021effects,
	title={Effects of gamification on behavioral change in education: A meta-analysis},
	author={Kim, Jihoon and Castelli, Darla M},
	journal={International Journal of Environmental Research and Public Health},
	volume={18},
	number={7},
	pages={3550},
	year={2021},
	publisher={MDPI}
}